@Manual{R-base,
  title = {R: A Language and Environment for Statistical Computing},
  author = {{R Core Team}},
  organization = {R Foundation for Statistical Computing},
  address = {Vienna, Austria},
  year = {2022},
  url = {https://www.R-project.org/},
}

@Manual{R-dplyr,
  title = {dplyr: A Grammar of Data Manipulation},
  author = {Hadley Wickham and Romain François and Lionel Henry and Kirill Müller},
  year = {2022},
  note = {R package version 1.0.9},
  url = {https://CRAN.R-project.org/package=dplyr},
}

@Manual{R-extrafont,
  title = {extrafont: Tools for Using Fonts},
  author = {Winston Chang},
  year = {2022},
  note = {R package version 0.18},
  url = {https://github.com/wch/extrafont},
}

@Manual{R-fBasics,
  title = {fBasics: Rmetrics - Markets and Basic Statistics},
  author = {Diethelm Wuertz and Tobias Setz and Yohan Chalabi},
  year = {2020},
  note = {R package version 3042.89.1},
  url = {https://www.rmetrics.org},
}

@Manual{R-fMultivar,
  title = {fMultivar: Rmetrics - Analysing and Modeling Multivariate Financial Return
Distributions},
  author = {Diethelm Wuertz and Tobias Setz and Yohan Chalabi},
  year = {2020},
  note = {R package version 3042.80.1},
  url = {https://www.rmetrics.org},
}

@Manual{R-forcats,
  title = {forcats: Tools for Working with Categorical Variables (Factors)},
  author = {Hadley Wickham},
  year = {2021},
  note = {R package version 0.5.1},
  url = {https://CRAN.R-project.org/package=forcats},
}

@Manual{R-gganimate,
  title = {gganimate: A Grammar of Animated Graphics},
  author = {Thomas Lin Pedersen and David Robinson},
  year = {2020},
  note = {R package version 1.0.7},
  url = {https://CRAN.R-project.org/package=gganimate},
}

@Manual{R-ggforce,
  title = {ggforce: Accelerating ggplot2},
  author = {Thomas Lin Pedersen},
  year = {2021},
  note = {R package version 0.3.3},
  url = {https://CRAN.R-project.org/package=ggforce},
}

@Manual{R-ggfx,
  title = {ggfx: Pixel Filters for ggplot2 and grid},
  author = {Thomas Lin Pedersen},
  year = {2021},
  note = {R package version 1.0.0},
  url = {https://CRAN.R-project.org/package=ggfx},
}

@Manual{R-ggplot2,
  title = {ggplot2: Create Elegant Data Visualisations Using the Grammar of Graphics},
  author = {Hadley Wickham and Winston Chang and Lionel Henry and Thomas Lin Pedersen and Kohske Takahashi and Claus Wilke and Kara Woo and Hiroaki Yutani and Dewey Dunnington},
  year = {2022},
  note = {R package version 3.3.6},
  url = {https://CRAN.R-project.org/package=ggplot2},
}

@Manual{R-ggtext,
  title = {ggtext: Improved Text Rendering Support for ggplot2},
  author = {Claus O. Wilke},
  year = {2020},
  note = {R package version 0.1.1},
  url = {https://wilkelab.org/ggtext/},
}

@Manual{R-IDPmisc,
  title = {IDPmisc: Utilities of Institute of Data Analyses and Process Design
(www.zhaw.ch/idp)},
  author = {Rene Locher},
  year = {2020},
  note = {R package version 1.1.20},
  url = {https://CRAN.R-project.org/package=IDPmisc},
}

@Manual{R-knitr,
  title = {knitr: A General-Purpose Package for Dynamic Report Generation in R},
  author = {Yihui Xie},
  year = {2022},
  note = {R package version 1.39},
  url = {https://yihui.org/knitr/},
}

@Manual{R-lemon,
  title = {lemon: Freshing Up your ggplot2 Plots},
  author = {Stefan McKinnon Edwards},
  year = {2020},
  note = {R package version 0.4.5},
  url = {https://github.com/stefanedwards/lemon},
}

@Manual{R-modeest,
  title = {modeest: Mode Estimation},
  author = {Paul Poncet},
  year = {2019},
  note = {R package version 2.4.0},
  url = {https://github.com/paulponcet/modeest},
}

@Manual{R-patchwork,
  title = {patchwork: The Composer of Plots},
  author = {Thomas Lin Pedersen},
  year = {2020},
  note = {R package version 1.1.1},
  url = {https://CRAN.R-project.org/package=patchwork},
}

@Manual{R-psych,
  title = {psych: Procedures for Psychological, Psychometric, and Personality
Research},
  author = {William Revelle},
  year = {2022},
  note = {R package version 2.2.5},
  url = {https://personality-project.org/r/psych/
https://personality-project.org/r/psych-manual.pdf},
}

@Manual{R-purrr,
  title = {purrr: Functional Programming Tools},
  author = {Lionel Henry and Hadley Wickham},
  year = {2020},
  note = {R package version 0.3.4},
  url = {https://CRAN.R-project.org/package=purrr},
}

@Manual{R-qualvar,
  title = {qualvar: Implements Indices of Qualitative Variation Proposed by Wilcox
(1973)},
  author = {Joel Gombin},
  year = {2018},
  note = {R package version 0.2.0},
  url = {http://joelgombin.github.io/qualvar/},
}

@Manual{R-readr,
  title = {readr: Read Rectangular Text Data},
  author = {Hadley Wickham and Jim Hester and Jennifer Bryan},
  year = {2022},
  note = {R package version 2.1.2},
  url = {https://CRAN.R-project.org/package=readr},
}

@Manual{R-scales,
  title = {scales: Scale Functions for Visualization},
  author = {Hadley Wickham and Dana Seidel},
  year = {2022},
  note = {R package version 1.2.0},
  url = {https://CRAN.R-project.org/package=scales},
}

@Manual{R-signs,
  title = {signs: Insert Proper Minus Signs},
  author = {Benjamin E. Wolfe},
  year = {2020},
  note = {R package version 0.1.2},
  url = {https://benjaminwolfe.github.io/signs},
}

@Manual{R-sjmisc,
  title = {sjmisc: Data and Variable Transformation Functions},
  author = {Daniel Lüdecke},
  year = {2021},
  note = {R package version 2.8.9},
  url = {https://strengejacke.github.io/sjmisc/},
}

@Manual{R-sn,
  title = {sn: The Skew-Normal and Related Distributions Such as the Skew-t and
the SUN},
  author = {Adelchi Azzalini},
  year = {2022},
  note = {R package version 2.0.2},
  url = {http://azzalini.stat.unipd.it/SN/},
}

@Manual{R-stringr,
  title = {stringr: Simple, Consistent Wrappers for Common String Operations},
  author = {Hadley Wickham},
  year = {2019},
  note = {R package version 1.4.0},
  url = {https://CRAN.R-project.org/package=stringr},
}

@Manual{R-tibble,
  title = {tibble: Simple Data Frames},
  author = {Kirill Müller and Hadley Wickham},
  year = {2022},
  note = {R package version 3.1.7},
  url = {https://CRAN.R-project.org/package=tibble},
}

@Manual{R-tidyr,
  title = {tidyr: Tidy Messy Data},
  author = {Hadley Wickham and Maximilian Girlich},
  year = {2022},
  note = {R package version 1.2.0},
  url = {https://CRAN.R-project.org/package=tidyr},
}

@Manual{R-tidyverse,
  title = {tidyverse: Easily Install and Load the Tidyverse},
  author = {Hadley Wickham},
  year = {2021},
  note = {R package version 1.3.1},
  url = {https://CRAN.R-project.org/package=tidyverse},
}

@Manual{R-tikzDevice,
  title = {tikzDevice: R Graphics Output in LaTeX Format},
  author = {Charlie Sharpsteen and Cameron Bracken},
  year = {2020},
  note = {R package version 0.12.3.1},
  url = {https://github.com/daqana/tikzDevice},
}

@Manual{R-timeDate,
  title = {timeDate: Rmetrics - Chronological and Calendar Objects},
  author = {Diethelm Wuertz and Tobias Setz and Yohan Chalabi and Martin Maechler and Joe W. Byers},
  year = {2018},
  note = {R package version 3043.102},
  url = {https://www.rmetrics.org},
}

@Manual{R-timeSeries,
  title = {timeSeries: Financial Time Series Objects (Rmetrics)},
  author = {Diethelm Wuertz},
  year = {2020},
  note = {R package version 3062.100},
  url = {https://CRAN.R-project.org/package=timeSeries},
}

@Manual{R-tinter,
  title = {tinter: Generate a Monochromatic Palette},
  author = {Sebastian Dalgarno},
  year = {2020},
  note = {R package version 0.1.0},
  url = {https://github.com/poissonconsulting/tinter},
}

@Manual{R-tippy,
  title = {tippy: Add Tooltips to R markdown Documents or Shiny Apps},
  author = {John Coene},
  year = {2021},
  note = {R package version 0.1.0},
  url = {https://tippy.john-coene.com/},
}

@Manual{R-tufte,
  title = {tufte: Tufte's Styles for R Markdown Documents},
  author = {Yihui Xie and JJ Allaire},
  year = {2022},
  note = {R package version 0.12},
  url = {https://github.com/rstudio/tufte},
}

@Manual{R-WJSmisc,
  title = {WJSmisc: Miscellaneous functions from W. Joel Schneider},
  author = {W. Joel Schneider},
  year = {2021},
  note = {R package version 0.3},
  url = {https://github.com/wjschne/WJSmisc},
}

@Book{ggplot22016,
  author = {Hadley Wickham},
  title = {ggplot2: Elegant Graphics for Data Analysis},
  publisher = {Springer-Verlag New York},
  year = {2016},
  isbn = {978-3-319-24277-4},
  url = {https://ggplot2.tidyverse.org},
}

@Book{knitr2015,
  title = {Dynamic Documents with {R} and knitr},
  author = {Yihui Xie},
  publisher = {Chapman and Hall/CRC},
  address = {Boca Raton, Florida},
  year = {2015},
  edition = {2nd},
  note = {ISBN 978-1498716963},
  url = {https://yihui.org/knitr/},
}

@InCollection{knitr2014,
  booktitle = {Implementing Reproducible Computational Research},
  editor = {Victoria Stodden and Friedrich Leisch and Roger D. Peng},
  title = {knitr: A Comprehensive Tool for Reproducible Research in {R}},
  author = {Yihui Xie},
  publisher = {Chapman and Hall/CRC},
  year = {2014},
  note = {ISBN 978-1466561595},
  url = {http://www.crcpress.com/product/isbn/9781466561595},
}

@Article{sjmisc2018,
  title = {sjmisc: Data and Variable Transformation Functions.},
  volume = {3},
  doi = {10.21105/joss.00754},
  number = {26},
  journal = {Journal of Open Source Software},
  author = {Daniel Lüdecke},
  year = {2018},
  pages = {754},
}

@Manual{sn2022,
  title = {The {R} package \texttt{sn}: The skew-normal and related distributions such as the skew-$t$ and the {SUN} (version 2.0.2).},
  author = {A. Azzalini},
  address = {Universit\`a degli Studi di Padova, Italia},
  year = {2022},
  note = {Home page: \url{http://azzalini.stat.unipd.it/SN/}},
  url = {https://cran.r-project.org/package=sn},
}

@Article{tidyverse2019,
  title = {Welcome to the {tidyverse}},
  author = {Hadley Wickham and Mara Averick and Jennifer Bryan and Winston Chang and Lucy D'Agostino McGowan and Romain François and Garrett Grolemund and Alex Hayes and Lionel Henry and Jim Hester and Max Kuhn and Thomas Lin Pedersen and Evan Miller and Stephan Milton Bache and Kirill Müller and Jeroen Ooms and David Robinson and Dana Paige Seidel and Vitalie Spinu and Kohske Takahashi and Davis Vaughan and Claus Wilke and Kara Woo and Hiroaki Yutani},
  year = {2019},
  journal = {Journal of Open Source Software},
  volume = {4},
  number = {43},
  pages = {1686},
  doi = {10.21105/joss.01686},
}

